<record><leader>00000cas a22000007a 4500</leader><controlfield tag="001">10798073</controlfield><controlfield tag="008">840601d19591961nyudr ne      0    0eng d</controlfield><controlfield tag="009">148</controlfield><datafield ind1=" " ind2=" " tag="010"><subfield code="a">sn 84031289 </subfield></datafield><datafield ind1=" " ind2=" " tag="040"><subfield code="a">NYG</subfield><subfield code="b">eng</subfield><subfield code="c">NYG</subfield><subfield code="d">NYS</subfield><subfield code="d">OCL</subfield><subfield code="d">OCLCQ</subfield></datafield><datafield ind1="1" ind2=" " tag="029"><subfield code="a">AU@</subfield><subfield code="b">000020651818</subfield></datafield><datafield ind1=" " ind2=" " tag="042"><subfield code="a">msc</subfield></datafield><datafield ind1="0" ind2=" " tag="130"><subfield code="a">Newburgh-Beacon news (Newburgh, N.Y. : Newburgh ed.)</subfield></datafield><datafield ind1="0" ind2="0" tag="245"><subfield code="a">Newburgh-Beacon news.</subfield></datafield><datafield ind1="3" ind2="0" tag="246"><subfield code="a">Newburgh Beacon news</subfield></datafield><datafield ind1=" " ind2=" " tag="250"><subfield code="a">[Newburgh ed.].</subfield></datafield><datafield ind1=" " ind2=" " tag="260"><subfield code="a">Newburgh, N.Y. :</subfield><subfield code="b">[Newburgh News Printing &amp; Pub. Co.],</subfield><subfield code="c">1959-1961.</subfield></datafield><datafield ind1=" " ind2=" " tag="300"><subfield code="a">2 v. :</subfield><subfield code="b">ill.</subfield></datafield><datafield ind1=" " ind2=" " tag="310"><subfield code="a">Daily (except Sunday and holidays)</subfield></datafield><datafield ind1="0" ind2=" " tag="362"><subfield code="a">Vol. 1, no. 1 (July 20, 1959)-v. 2, no. 171 (Feb. 9, 1961).</subfield></datafield><datafield ind1=" " ind2=" " tag="500"><subfield code="a">Publishers: Newburgh News Printing &amp; Pub. Co., 1959- ; Newburgh-Beacon News Co., -1961.</subfield></datafield><datafield ind1=" " ind2=" " tag="500"><subfield code="a">Editor: 1959-1961, M.D. Herbert.</subfield></datafield><datafield ind1=" " ind2=" " tag="530"><subfield code="a">Available on microfilm from Micro Photo Division, Bell and Howell Co.</subfield></datafield><datafield ind1=" " ind2="4" tag="651"><subfield code="a">Newburgh (N.Y.)</subfield><subfield code="v">Newspapers.</subfield></datafield><datafield ind1=" " ind2="4" tag="651"><subfield code="a">Beacon (N.Y.)</subfield><subfield code="v">Newspapers.</subfield></datafield><datafield ind1=" " ind2=" " tag="752"><subfield code="a">United States</subfield><subfield code="b">New York</subfield><subfield code="c">Orange</subfield><subfield code="d">Newburgh.</subfield></datafield><datafield ind1=" " ind2=" " tag="752"><subfield code="a">United States</subfield><subfield code="b">New York</subfield><subfield code="c">Orange</subfield><subfield code="d">Beacon.</subfield></datafield><datafield ind1="0" ind2=" " tag="775"><subfield code="t">Newburgh-Beacon news (Newburgh, N.Y. : Beacon ed.)</subfield><subfield code="w">(DLC)sn 84031283</subfield><subfield code="w">(OCoLC)10797785</subfield></datafield><datafield ind1="0" ind2=" " tag="775"><subfield code="t">Newburgh-Beacon news (Newburgh, N.Y. : Orange County ed.)</subfield><subfield code="w">(DLC)sn 91066924</subfield><subfield code="w">(OCoLC)24303294</subfield></datafield><datafield ind1="0" ind2="0" tag="780"><subfield code="t">Newburgh news</subfield><subfield code="w">(DLC)sn 84031288</subfield><subfield code="w">(OCoLC)10798017</subfield></datafield><datafield ind1="0" ind2="0" tag="785"><subfield code="t">Evening news (Newburgh, N.Y. : Newburgh city ed.)</subfield><subfield code="w">(DLC)sn 83031463</subfield><subfield code="w">(OCoLC)9857858</subfield></datafield></record>